Automatically generated by Mendeley 1.8.4
Any changes to this file will be lost if it is regenerated by Mendeley.
@book{Lakowicz2006,
author = {Lakowicz, Joseph R.},
booktitle = {Chemistry \& \ldots},
edition = {3rd Ed.},
isbn = {978-0-387-46312-4},
publisher = {Springer},
title = {{Principles of Fluorescence Spectroscopy.}},
year = {2006}
}
@book{Atkins2005,
author = {Atkins, Peter W. and Friedman, R. S.},
edition = {4th Ed.},
isbn = {9780199541423},
issn = {00319228},
publisher = {Oxford University Press},
title = {{Molecular Quantum Mechanics.}},
year = {2005}
}
@article{iupac,
author = {IUPAC},
title = {{International Union of Pure and Applied Chemistry Compendium of Chemical Terminology.}},
year = {2012}
}